%% This BibTeX bibliography file was created using BibDesk.
%% http://bibdesk.sourceforge.net/

%% Created for sarath at 2015-12-25 15:15:15 +0800 


%% Saved with string encoding Unicode (UTF-8) 



@article{Lobo:1998aa,
	Author = {Miguel Sousa Lobo and Lieven Vandenberghe and Stephen Boyd and Herv{\'e} Lebret},
	Date-Modified = {2015-12-25 07:15:13 +0000},
	Doi = {http://dx.doi.org/10.1016/S0024-3795(98)10032-0},
	Issn = {0024-3795},
	Journal = {Linear Algebra and its Applications},
	Keywords = {Interior-point methods},
	Note = {International Linear Algebra Society (ILAS) Symposium on Fast Algorithms for Control, Signals and Image Processing},
	Number = {1--3},
	Pages = {193 - 228},
	Title = {Applications of second-order cone programming},
	Url = {http://www.sciencedirect.com/science/article/pii/S0024379598100320},
	Volume = {284},
	Year = {1998},
	Bdsk-Url-1 = {http://www.sciencedirect.com/science/article/pii/S0024379598100320},
	Bdsk-Url-2 = {http://dx.doi.org/10.1016/S0024-3795(98)10032-0}}
